@misc{tang2024rethinkingoptimizationarchitecturetiny,
      title={Rethinking Optimization and Architecture for Tiny Language Models}, 
      author={Yehui Tang and Fangcheng Liu and Yunsheng Ni and Yuchuan Tian and Zheyuan Bai and Yi-Qi Hu and Sichao Liu and Shangling Jui and Kai Han and Yunhe Wang},
      year={2024},
      eprint={2402.02791},
      archivePrefix={arXiv},
      primaryClass={cs.CL},
      url={https://arxiv.org/abs/2402.02791}, 
}
@misc{nguyen2024phogptgenerativepretrainingvietnamese,
      title={PhoGPT: Generative Pre-training for Vietnamese}, 
      author={Dat Quoc Nguyen and Linh The Nguyen and Chi Tran and Dung Ngoc Nguyen and Dinh Phung and Hung Bui},
      year={2024},
      eprint={2311.02945},
      archivePrefix={arXiv},
      primaryClass={cs.CL},
      url={https://arxiv.org/abs/2311.02945}, 
}